@online{JenningsWilson2021,
    author = {Michael Jennings and Andrew Wilson},
    title = {Academic Report Template},
    url  = {https://github.com/mjennings061/Academic-Report-Template},
    addendum = {(accessed: 25.04.2021)},
    keywords = {latex,report}
}
